@book{europa2019arbeitsblaetter5_8,
  title     = {Arbeitsblätter Kraftfahrzeugtechnik: Lernfeld 5--8},
  edition   = {2., korrigierter Nachdruck},
  year      = {2019},
  publisher = {Europa-Lehrmittel, Nourney, Vollmer GmbH \& Co. KG},
  address   = {Haan-Gruiten},
  isbn      = {978-3-8085-2272-1},
  note      = {Druck 6},
  language  = {german}
}

@book{europa2022arbeitsblaetter1_4,
  title     = {Arbeitsblätter Kraftfahrzeugtechnik: Lernfelder 1--4},
  edition   = {4., korrigierter Nachdruck},
  year      = {2023},
  publisher = {Europa-Lehrmittel, Nourney, Vollmer GmbH \& Co. KG},
  address   = {Haan-Gruiten},
  isbn      = {978-3-7585-2137-9},
  note      = {Druck 5 4 3},
  language  = {german}
}

@book{europa2021arbeitsblaetter9_14,
  title     = {Arbeitsblätter Kraftfahrzeugtechnik: Lernfeld 9--14},
  edition   = {3., korrigierter Nachdruck},
  year      = {2024},
  publisher = {Europa-Lehrmittel, Nourney, Vollmer GmbH \& Co. KG},
  address   = {Haan-Gruiten},
  isbn      = {978-3-7585-2189-8},
  note      = {Druck 5 4 3 2},
  language  = {german}
}

@book{bell2021tabellenbuch,
  title     = {Tabellenbuch Fahrzeugtechnik},
  author    = {Bell, M. and Elbl, H. and Schüler, W.},
  edition   = {29., völlig überarbeitete Auflage},
  year      = {2021},
  publisher = {Verlag Handwerk und Technik GmbH},
  address   = {Hamburg},
  isbn      = {978-3-582-93957-9},
  language  = {german}
}

@book{riessinger2013mathematik,
  title     = {Mathematik für Ingenieure: Eine anschauliche Einführung für das praxisorientierte Studium},
  author    = {Rießinger, Thomas},
  year      = {2013},
  edition   = {9. Auflage},
  publisher = {Springer Vieweg},
  address   = {Berlin, Heidelberg},
  isbn      = {978-3-642-36858-5},
  doi       = {10.1007/978-3-642-36859-2},
  url       = {https://doi.org/10.1007/978-3-642-36859-2},
  language  = {german}
}

@online{statista2024openai,
  author    = {Statista Research Department},
  title     = {OpenAI - Das Unternehmen hinter ChatGPT und Dall-E},
  year      = {2024},
  month     = {4},
  day       = {3},
  url       = {https://de.statista.com/themen/10470/openai/#topicOverview},
  urldate   = {2023-09-10},
  language  = {german}
}

@book{Schreiner2020,
  author    = {Schreiner, Klaus},
  title     = {Basiswissen Verbrennungsmotor: Fragen -- rechnen -- verstehen -- bestehen},
  edition   = {3., erweiterte und aktualisierte Auflage},
  publisher = {Springer Fachmedien Wiesbaden},
  year      = {2020},
  address   = {Wiesbaden},
  isbn      = {978-3-658-29225-6},
  doi       = {10.1007/978-3-658-29226-3},
  series    = {Lehrbuch},
  language  = {german}
}

@book{Langeheinecke2020,
  author    = {Langeheinecke, Klaus and Kaufmann, Andr{\'e} and Langeheinecke, Kay and Thieleke, Gerd},
  title     = {Thermodynamik für Ingenieure},
  edition   = {11. Auflage},
  publisher = {Springer Vieweg},
  year      = {2020},
  address   = {Wiesbaden, Deutschland},
  isbn      = {978-3-658-30643-4},
  doi       = {10.1007/978-3-658-30644-1},
  language  = {german}
}

@book{Tipler2024,
  author    = {Tipler, Paul A. and Mosca, Gene},
  editor    = {Kersten, Peter},
  title     = {Tipler Physik für Studierende der Naturwissenschaften und Technik},
  edition   = {9., vollständig überarbeitete und ergänzte Auflage},
  publisher = {Springer Spektrum},
  year      = {2024},
  address   = {Heidelberg, Deutschland},
  isbn      = {978-3-662-67935-7},
  doi       = {10.1007/978-3-662-67936-4},
  language  = {german},
  note      = {Unter Mitarbeit von Jenny Wagner und Dirk Löffler}
}

@book{respondeck2019servicetechniker,
  author    = {Respondeck, Michael},
  title     = {Servicetechniker Band 1: Werkstatt und Technik},
  year      = {2019},
  publisher = {Vogel Communications Group},
  address   = {Würzburg},
  isbn      = {978-3-8343-3375-9},
  pages     = {588},
  note      = {Prüfungsvorbereitung und Nachschlagewerk für Kfz-Servicetechniker}
}

@online{chatgpt,
  author    = {OpenAI},
  title     = {ChatGPT},
  year      = {2024},
  url       = {https://chatgpt.com/?model=gpt-4},
  urldate   = {2024-09-10},
  language  = {english}
}

@online{claudeAI,
  author    = {Anthropic},
  title     = {Claude AI - The AI Assistant by Anthropic},
  year      = {2024},
  url       = {https://claude.ai/new},
  urldate   = {2024-09-10},
  language  = {english}
}

@online{google,
  author    = {Google},
  title     = {Google},
  year      = {2024},
  url       = {https://www.google.com},
  urldate   = {2024-09-10},
  language  = {english}
}
